@Preamble{{\input{openbib.sty}}}

@article{Ascher95,
   author    = {U. Ascher and S. Ruuth and B. Wetton},
   title     = {Implicit-explicit methods for time-dependent partial differential equations},
   journal   = {SIAM J. Numer. Anal.},
   year      = {1995},
   month     = {June},
   volume    = {32},
   number    = {3},
   pages     = {797--823}
}


@book{Canuto88,
   author    = {C. Canuto and M.Y. Hussaini and A. Quateroni and T.A. Zhang},
   title     = {Spectral Methods in Fluid Dynamics},
   year      = {1988},
   publisher = {Springer-Verlag},
   addr      = {Berlin}
}

% If you wish to cite FFTW in a general publication, we recommend this paper:
@InProceedings{Frigo98,
  author =       {M. Frigo and S.G. Johnson},
  title =        {{F}{F}{T}{W}: An adaptive software architecture for the {F}{F}{T}},
  booktitle =    {Proc. 1998 IEEE Intl. Conf. Acoustics Speech and Signal Processing},
  pages =        {1381--1384},
  year =         1998,
  volume =       3,
  publisher =    {IEEE}
}

% tau correction paper
@inproceedings{Kleiser80,
   author    = {L. Kleiser and U. Schuman},
   title     = {Treatment of incompressibility and boundary conditions in 3-D numerical spectral simulations of plane channel flows},
   booktitle = {Proc. 3rd GAMM Conf. Numerical Methods in Fluid Mechanics},
   organization = {GAMM},
   year      = {1980},
   editor    = {E. Hirschel},
   address   = {Viewweg, Braunschweig},
   pages     = {165--173}
}


% CFl conditions for O(3) RK time integration
@article{Moin80,
   author    = {P. Moin and J. Kim},
   title     = {On the numerical solution of time-dependent viscous incompressible fluid flows involving solid boundaries},
   journal   = {J. Comp. Physics},
   year      = {1980},
   volume    = {35},
   pages     = {381}
}

% CFl conditions for O(3) RK time integration
@article{Moin82,
   author    = {P. Moin and J. Kim},
   title     = {Numerical investigation of turbulent channel flow},
   journal   = {J. Fluid Mech.},
   year      = {19},
   volume    = {118},
   pages     = {341}
}
@book{Peyret02,
   author    = {R. Peyret},
   title     = {Spectral Methods for Incompressible Flows},
   year      = {2002},
   publisher = {Springer-Verlag},
   addr      = {New York}
}

@book{Press88,
   author    = {W.H. Press and S.A. Teukolsky and W.T. Vetterling and B.P. Flannery},
   title     = {Numerical Recipes in {C}},
   year      = {1988},
   publisher = {Cambridge University Press},
   addr      = {Cambridge}
}

% CFl conditions for O(3) RK time integration
@article{Spalart91,
   author    = {P.R. Spalart and R.D. Moser and M.M. Rogers},
   title     = {Spectral Methods for the {N}avier-{S}tokes Equations with One Infinite and Two Periodic Directions},
   journal   = {J. Comp. Physics},
   year      = {1990},
   volume    = {96},
   pages     = {297--324}
}

@book{Tennekes72,
   author    = {H. Tennekes and J.L. Lumley},
   title     = {A First Course in Turbulence},
   year      = {1972},
   publisher = {MIT Press},
   addr      = {Cambridge, MA}
}

@article{Zang91,
   author    = {T.A. Zang},
   title     = {On the rotation and skew-symmetric forms for incompressible flow simulations},
   journal   = {Appl. Numer. Math.},
   year      = {1991},
   volume    = {7},
   pages     = {27--40}
}

@article{Zang95,
   author    = {T.A. Zang and M.Y. Hussaini},
   title     = {Numerical experiments on subcritical transition mechanisims},
   journal   = {AIAA paper},
   year      = {1985},
   volume    = {85-0296}
}